 @book{aschwanden, title={Physics of the solar corona: An introduction with problems and solutions}, publisher={Springer}, author = {Aschwanden, Markus J}}
 @book{arnab,
author  = {Arnab Raichoudhuri},
title = {The physics of fluids and plasmas: An introduction for astrophysicists},
year = 1998,
}
@article{priest,
  author = {E.R. Priest, D.W. Longcope, V.S. Titov},
  title = {BINARY RECONNECTION AND THE HEATING OF THE SOLAR CORONA},
  journal = {The Astrophysical Journal},
  year = 2003,
  volume = {598},
  pages = {667-677},
}
@article{meyer,
title={Solar Magnetic carpet I: Simulation of synthetic magnetograms},
volume={272}, DOI={10.1007/s11207-011-9809-3},
number={1}, journal={Solar Physics},
author={Meyer, K. A. and Mackay, D. H. and van Ballegooijen, A. A. and Parnell, C. E.},
year={2011},
pages={29–58},
}
@article{dirac, title={Quantised singularities in the electromagnetic field,}, volume={133}, DOI={10.1098/rspa.1931.0130}, number={821}, journal={Proceedings of the Royal Society of London. Series A, Containing Papers of a Mathematical and Physical Character}, author={Dirac, Paul A M}, year={1931}, month={May}, pages={71}} 
@article{ampere, title={Faraday's law and Ampere's law}, volume={31}, DOI={10.1119/1.1969576}, number={6}, journal={American Journal of Physics}, author={Sears, Francis W.}, year={1963}, month={Jan}, pages={439–443}}
@article{ohms, title={Georg Simon Ohm and Ohm's Law}, volume={23}, DOI={10.1109/te.1980.4321401}, number={3}, journal={IEEE Transactions on Education}, author={Gupta, Madhu Sudan}, year={1980}, pages={156–162}}
@book{maxwell, place={Cambridge}, title={A student's guide to Maxwell's equations}, publisher={Cambridge University Press}, author={Fleisch, Daniel A.}, year={2019}}
@misc{manogue_dray, title={The geometry of Static Fields}, url={https://books.physics.oregonstate.edu/GSF/curlfree.html}, journal={Curl-Free Vector Fields}, publisher={Oregon State}, author={Manogue, Corrine A and Dray, Tevian}}
@misc{reconnection_paper, title={Magnetic reconnection: MHD theory and modelling - living reviews in solar physics}, url={https://link.springer.com/article/10.1007/s41116-022-00032-9}, journal={SpringerLink}, publisher={Springer International Publishing}, author={Pontin, David I. and Priest, Eric R.}, year={2022}, month={May}} 